@booklet{Jensen,
  title        = {Computational Physics: 
Lecture Notes Fall 2015},
  author       = {Morten Hjorth-Jensen}, 

  address      = {Department of Physics, University of Oslo},
  month        = 8,
  year         = 2015,
  note         = {Chapter 12 and 13}
}

@misc{nasa,
  title = {Solar System Dynamics},
  howpublished = {\url{https://ssd.jpl.nasa.gov/horizons.cgi#top}},
  note = {Accessed: 2017-10-28}
}


@article{Onsager, 
	title = {Crystal Statistics. I. A Two-Dimensional Model with an Order-Disorder Transition}, 
	author = {Onsager, Lars}, 
	journal = {Phys. Rev.}, 
	volume = {65}, 
	issue = {3-4}, 
	pages = {117--149}, 
	numpages = {0}, 
	year = {1944}, 
	month = {Feb}, 
	publisher = {American Physical Society}, 
	doi = {10.1103/PhysRev.65.117}, 
	url = {https://link.aps.org/doi/10.1103/PhysRev.65.117} 
} 








@article{article_A_Hands-On_Introduction_to_Molecular_Dynamics,
	author = {Lamberti, Vincent E. and Fosdick, Lloyd D. and Jessup, Elizabeth R. and Schauble, Carolyn J. C.},
	title = {A Hands-On Introduction to Molecular Dynamics},
	journal = {Journal of Chemical Education},
	volume = {79},
	number = {5},
	pages = {601},
	year = {2002},
	doi = {10.1021/ed079p601},
	
	URL = { 
	http://dx.doi.org/10.1021/ed079p601
	
	},
	eprint = { 
	http://dx.doi.org/10.1021/ed079p601
	
	}
	
}


@article{GORECKI1989245,
	title = "Molecular dynamics simulation of a chemical reaction",
	journal = "Computer Physics Communications",
	volume = "54",
	number = "2",
	pages = "245 - 249",
	year = "1989",
	issn = "0010-4655",
	doi = "https://doi.org/10.1016/0010-4655(89)90087-8",
	url = "http://www.sciencedirect.com/science/article/pii/0010465589900878",
	author = "J. Gorecki and J. Gryko"
}



@article{materialphysics,
	
	An = {PMC2801990},
	Author = {Steinhauser, Martin O and Hiermaier, Stefan},
	Date = {2009/12/},
	Date-Added = {2017-11-22 09:13:15 +0000},
	Date-Modified = {2017-11-22 09:13:15 +0000},
	Db = {PMC},
	Doi = {10.3390/ijms10125135},
	Isbn = {1422-0067},
	J1 = {Int J Mol Sci},
	Journal = {International Journal of Molecular Sciences},
	Month = {12},
	Number = {12},
	Pages = {5135--5216},
	Publisher = {Molecular Diversity Preservation International (MDPI)},
	Title = {A Review of Computational Methods in Materials Science: Examples from Shock-Wave and Polymer Physics},
	Ty = {JOUR},
	U1 = {ijms-10-05135{$[$}PII{$]$}; 20054467{$[$}pmid{$]$}},
	Url = {http://www.ncbi.nlm.nih.gov/pmc/articles/PMC2801990/},
	Volume = {10},
	Year = {2009},
	Year1 = {2009/12/01},
	Year2 = {2009/09/22/received},
	Year3 = {2009/10/23/revised},
	Year4 = {2009/11/19/accepted},
	Bdsk-Url-1 = {http://www.ncbi.nlm.nih.gov/pmc/articles/PMC2801990/},
	Bdsk-Url-2 = {http://dx.doi.org/10.3390/ijms10125135}}



@article{biology,
	Author = {Karplus, Martin and Petsko, Gregory A.},
	Date = {1990/10/18/online},
	Date-Added = {2017-11-22 09:17:15 +0000},
	Date-Modified = {2017-11-22 09:17:15 +0000},
	Day = {18},
	Journal = {Nature},
	L3 = {10.1038/347631a0; },
	Month = {10},
	Pages = {631 EP  -},
	Publisher = {Nature Publishing Group SN  -},
	Title = {Molecular dynamics simulations in biology},
	Ty = {JOUR},
	Url = {http://dx.doi.org/10.1038/347631a0},
	Volume = {347},
	Year = {1990},
	Bdsk-Url-1 = {http://dx.doi.org/10.1038/347631a0}}
